@book{brogan1982modern,
  title={Modern Control Theory (3rd Edition)},
  author={Brogan, William L},
  year={1991},
  publisher={Prentice-Hall}
}

@article{funahashi1993approximation,
  title={Approximation of dynamical systems by continuous time recurrent neural networks},
  author={Funahashi, Kenichi and Nakamura, Yuichi},
  journal={Neural networks},
  volume={6},
  number={6},
  pages={801--806},
  year={1993},
  publisher={Elsevier}
}

@article{bengio1994learning,
  title={Learning long-term dependencies with gradient descent is difficult},
  author={Bengio, Yoshua and Simard, Patrice and Frasconi, Paolo},
  journal={IEEE Transactions on Neural Networks},
  volume={5},
  number={2},
  pages={157--166},
  year={1994},
  publisher={IEEE}
}

@article{Pade1892,
  author = {Pad\'e, H.},
  journal = {Annales scientifiques de l'\'Ecole Normale Supérieure},
  keywords = {Pad\'e approximants; continued fractions; rational functions},
  language = {fre},
  pages = {3-93},
  publisher = {Elsevier},
  title = {Sur la repr\'esentation approch\'ee d'une fonction par des fractions rationnelles},
  volume = {9},
  year = {1892},
}

@inproceedings{vajta2000some,
  title={Some remarks on {P}ad{\'e}-approximations},
  author={Vajta, M},
  booktitle={3rd {TEMPUS-INTCOM} Symposium},
  address={Veszpr{\'e}m, Hungary},
  year={2000}
}

@article{perevapproximation,
  title={Approximation of Pure Time Delay Elements by Using Hankel Norm and Balanced Realizations},
  author={Perev, Kamen},
  year={2011},
  journal={Problems of Engineering Cybernetics and Robotics},
  volume={64},
  pages={24--37},  
}

@article{corless1996lambertw,
  title={On the {L}ambert {W} function},
  author={Corless, Robert M and Gonnet, Gaston H and Hare, David EG and Jeffrey, David J and Knuth, Donald E},
  journal={Advances in Computational mathematics},
  volume={5},
  number={1},
  pages={329--359},
  year={1996},
  publisher={Springer}
}

@article{rall1967distinguishing,
  title={Distinguishing theoretical synaptic potentials computed for different soma-dendritic distributions of synaptic input},
  author={Rall, Wilfrid},
  journal={Journal of Neurophysiology},
  volume={30},
  number={5},
  pages={1138--1168},
  year={1967},
  publisher={Am Physiological Soc}
}

@inproceedings{wilson1989simulation,
  title={The simulation of large-scale neural networks},
  author={Wilson, Matthew A and Bower, James M},
  booktitle={Methods in neuronal modeling},
  pages={291--333},
  year={1989},
  organization={MIT Press}
}

@misc{koch1989methods,
  title={Methods in neural modeling},
  author={Koch, Ch and Segev, I},
  year={1989},
  publisher={MIT Press Cambridge, MA}
}

@article{destexhe1994efficient,
  title={An efficient method for computing synaptic conductances based on a kinetic model of receptor binding},
  author={Destexhe, Alain and Mainen, Zachary F and Sejnowski, Terrence J},
  journal={Neural computation},
  volume={6},
  number={1},
  pages={14--18},
  year={1994},
  publisher={MIT Press}
}

@article{destexhe1994synthesis,
  title={Synthesis of models for excitable membranes, synaptic transmission and neuromodulation using a common kinetic formalism},
  author={Destexhe, Alain and Mainen, Zachary F and Sejnowski, Terrence J},
  journal={Journal of computational neuroscience},
  volume={1},
  number={3},
  pages={195--230},
  year={1994},
  publisher={Springer}
}

@article{mainen1995reliability,
  title={Reliability of spike timing in neocortical neurons},
  author={Mainen, Zachary F and Sejnowski, Terrence J},
  journal={Science},
  volume={268},
  number={5216},
  pages={1503},
  year={1995},
  publisher={The American Association for the Advancement of Science}
}

@article{hausser1997estimating,
  title={Estimating the time course of the excitatory synaptic conductance in neocortical pyramidal cells using a novel voltage jump method},
  author={H{\"a}usser, Michael and Roth, Arnd},
  journal={Journal of Neuroscience},
  volume={17},
  number={20},
  pages={7606--7625},
  year={1997},
  publisher={Soc Neuroscience}
}

@article{destexhe1998kinetic,
  title={Kinetic models of synaptic transmission},
  author={Destexhe, Alain and Mainen, Zachary F and Sejnowski, Terrence J},
  journal={Methods in neuronal modeling},
  volume={2},
  pages={1--25},
  year={1998},
  publisher={Citeseer}
}

@article{armstrong2003bandpass,
  title={Bandpass filtering at the rod to second-order cell synapse in salamander ({A}mbystoma tigrinum) retina},
  author={Armstrong-Gold, Cecilia E and Rieke, Fred},
  journal={Journal of Neuroscience},
  volume={23},
  number={9},
  pages={3796--3806},
  year={2003},
  publisher={Soc Neuroscience}
}

@article{roth2009modeling,
  title={Modeling synapses},
  author={Roth, Arnd and van Rossum, Mark CW},
  journal={Computational modeling methods for neuroscientists},
  volume={6},
  pages={139--160},
  year={2009},
  publisher={MIT Press Cambridge, MA}
}

@book{kandel2000principles,
  title={Principles of neural science},
  author={Kandel, Eric R and Schwartz, James H and Jessell, Thomas M and others},
  volume={4},
  year={2000},
  publisher={McGraw-Hill},
}

@article{eliasmith1999developing,
  title={Developing and applying a toolkit from a general neurocomputational framework},
  author={Eliasmith, Chris and Anderson, Charles H},
  journal={Neurocomputing},
  volume={26},
  pages={1013--1018},
  year={1999},
  publisher={Elsevier}
}

@proceedings{singh2004,
  title = {A dynamic model of working memory in the {PFC} during a somatosensory discrimination task},
  journal = {Computational and Systems Neuroscience},
  year = {2004},
  address = {Cold Spring Harbour, NY},
  author = {Ray Singh and Chris Eliasmith}
}

@article{singh2006,
  title = {Higher-dimensional neurons explain the tuning and dynamics of working memory cells},
  journal = {Journal of Neuroscience},
  volume = {26},
  year = {2006},
  pages = {3667-3678},
  author = {Ray Singh and Chris Eliasmith}
}

@article{eliasmith2000b,
  title = {Rethinking central pattern generators: a general approach},
  journal = {Neurocomputing},
  volume = {32--33},
  year = {2000},
  pages = {735-740},
  author = {Chris Eliasmith and Charles H. Anderson},
}

@article{eliasmith2005b,
  title = {A unified approach to building and controlling spiking attractor networks},
  journal = {Neural computation},
  volume = {7},
  number = {6},
  year = {2005},
  pages = {1276-1314},
  author = {Chris Eliasmith},
}

@article{tripp2010,
  title = {Population models of temporal differentiation},
  journal = {Neural Computation},
  volume = {22},
  year = {2010},
  pages = {621-659},
  author = {Bryan Tripp and Chris Eliasmith},
  pdf = {http://compneuro.uwaterloo.ca/files/publications/tripp.2010.pdf}
}

@article{lundstrom2008fractional,
  title={Fractional differentiation by neocortical pyramidal neurons},
  author={Lundstrom, Brian N and Higgs, Matthew H and Spain, William J and Fairhall, Adrienne L},
  journal={Nature neuroscience},
  volume={11},
  number={11},
  pages={1335--1342},
  year={2008},
  publisher={Nature Publishing Group}
}

@book{eliasmith2003neural,
  title={Neural engineering: {C}omputation, representation, and dynamics in neurobiological systems},
  author={Eliasmith, Chris and Anderson, Charles H},
  year={2003},
  publisher={MIT press}
}

@article{eliasmith2012large,
  title={A large-scale model of the functioning brain},
  author={Eliasmith, Chris and Stewart, Terrence C and Choo, Xuan and Bekolay, Trevor and DeWolf, Travis and Tang, Yichuan and Rasmussen, Daniel},
  journal={science},
  volume={338},
  number={6111},
  pages={1202--1205},
  year={2012},
  publisher={American Association for the Advancement of Science}
}

@book{eliasmith2013build,
  title={How to build a brain: A neural architecture for biological cognition},
  author={Eliasmith, Chris},
  year={2013},
  publisher={Oxford University Press}
}

@article{thagard2011aha,
  title={The {AHA!} experience: {C}reativity through emergent binding in neural networks},
  author={Thagard, Paul and Stewart, Terrence C},
  journal={Cognitive science},
  volume={35},
  number={1},
  pages={1--33},
  year={2011},
  publisher={Wiley Online Library}
}

@article{jaeger2001echo,
  title={The “echo state” approach to analysing and training recurrent neural networks},
  author={Jaeger, Herbert},
  journal={Bonn, Germany: German National Research Center for Information Technology GMD Technical Report},
  volume={148},
  pages={34},
  year={2001}
}

@techreport{jaeger2002short,
  title={Short term memory in echo state networks},
  author={Jaeger, Herbert},
  year={2002},
  institution={Fraunhofer Institute for Autonomous Intelligent Systems}
}

@phdthesis{lukovsevicius2012reservoir,
  title={Reservoir computing and self-organized neural hierarchies},
  author={Luko{\v{s}}evi{\v{c}}ius, Mantas},
  year={2012},
  school={Jacobs University Bremen}
}

@incollection{lukovsevivcius2012practical,
  title={A practical guide to applying echo state networks},
  author={Luko{\v{s}}evi{\v{c}}ius, Mantas},
  booktitle={Neural networks: Tricks of the trade},
  pages={659--686},
  year={2012},
  publisher={Springer}
}

@article{maass2002real,
  title={Real-time computing without stable states: A new framework for neural computation based on perturbations},
  author={Maass, Wolfgang and Natschl{\"a}ger, Thomas and Markram, Henry},
  journal={Neural computation},
  volume={14},
  number={11},
  pages={2531--2560},
  year={2002},
  publisher={MIT Press}
}

@article{sussillo2009generating,
  title={Generating coherent patterns of activity from chaotic neural networks},
  author={Sussillo, David and Abbott, Larry F},
  journal={Neuron},
  volume={63},
  number={4},
  pages={544--557},
  year={2009},
  publisher={Elsevier}
}

@article{boerlin2013predictive,
  title={Predictive coding of dynamical variables in balanced spiking networks},
  author={Boerlin, Martin and Machens, Christian K and Den{\`e}ve, Sophie},
  journal={PLoS Computational Biology},
  volume={9},
  number={11},
  pages={e1003258},
  year={2013},
  publisher={Public Library of Science}
}

@article{nicola2016supervised,
  title={Supervised Learning in Spiking Neural Networks with {FORCE} Training},
  author={Nicola, Wilten and Clopath, Claudia},
  journal={arXiv preprint arXiv:1609.02545},
  year={2016}
}

@article{thalmeier2016learning,
  title={Learning universal computations with spikes},
  author={Thalmeier, Dominik and Uhlmann, Marvin and Kappen, Hilbert J and Memmesheimer, Raoul-Martin},
  journal={PLoS Comput Biol},
  volume={12},
  number={6},
  pages={e1004895},
  year={2016},
  publisher={Public Library of Science}
}

@article{abbott2016building,
  title={Building functional networks of spiking model neurons},
  author={Abbott, LF and DePasquale, Brian and Memmesheimer, Raoul-Martin},
  journal={Nature neuroscience},
  volume={19},
  number={3},
  pages={350--355},
  year={2016},
  publisher={Nature Publishing Group}
}

@article{deneve2016efficient,
  title={Efficient codes and balanced networks},
  author={Den{\`e}ve, Sophie and Machens, Christian K},
  journal={Nature neuroscience},
  volume={19},
  number={3},
  pages={375--382},
  year={2016},
  publisher={Nature Publishing Group}
}

@article{abbott2004synaptic,
  title={Synaptic computation},
  author={Abbott, LF and Regehr, Wade G},
  journal={Nature},
  volume={431},
  number={7010},
  pages={796--803},
  year={2004},
  publisher={Nature Publishing Group}
}

@inproceedings{dethier2011brain,
  title={A brain-machine interface operating with a real-time spiking neural network control algorithm},
  author={Dethier, Julie and Nuyujukian, Paul and Eliasmith, Chris and Stewart, Terrence C and Elasaad, Shauki A and Shenoy, Krishna V and Boahen, Kwabena A},
  booktitle={Advances in neural information processing systems},
  pages={2213--2221},
  year={2011}
}

@inproceedings{choudhary2012silicon,
  title={Silicon neurons that compute},
  author={Choudhary, Swadesh and Sloan, Steven and Fok, Sam and Neckar, Alexander and Trautmann, Eric and Gao, Peiran and Stewart, Terry and Eliasmith, Chris and Boahen, Kwabena},
  booktitle={International Conference on Artificial Neural Networks},
  volume={7552},
  pages={121--128},
  year={2012},
  organization={Springer},
}

@inproceedings{benjamin2012superposable,
  title={A superposable silicon synapse with programmable reversal potential},
  author={Benjamin, Ben V and Arthur, John V and Gao, Peiran and Merolla, Paul and Boahen, Kwabena},
  booktitle={2012 Annual International Conference of the IEEE Engineering in Medicine and Biology Society},
  pages={771--774},
  year={2012},
  organization={IEEE},
}

@inproceedings{menon2014controlling,
  title={Controlling articulated robots in task-space with spiking silicon neurons},
  author={Menon, Samir and Fok, Sam and Neckar, Alex and Khatib, Oussama and Boahen, Kwabena},
  booktitle={5th IEEE RAS/EMBS International Conference on Biomedical Robotics and Biomechatronics},
  pages={181--186},
  year={2014},
  organization={IEEE}
}

@inproceedings{galluppi2014,
  title={Event-based neural computing on an autonomous mobile platform},
  author={Francesco Galluppi and Christian Denk and Matthias Meiner and Terrence C Stewart and 
  Luis Plana and Chris Eliasmith and Steve Furber and Jorg Conradt},
  booktitle={Proceedings of {IEEE} International Conference on Robotics and Automation ({ICRA})},
  address={Hong Kong},
  year={2014},
  keywords={neuromorphic, robotics, NEF, Spinnaker},
  pdf={http://compneuro.uwaterloo.ca/files/publications/galluppi.2014.pdf}
}

@inproceedings{corradi2014,
  title={Mapping Arbitrary Mathematical Functions and Dynamical Systems to Neuromorphic {VLSI} Circuits for Spike-Based Neural Computation},
  author={Federico Corradi and Chris Eliasmith and Giacomo Indiveri},
  booktitle={{IEEE} International Symposium on Circuits and Systems ({ISCAS})},
  address={Melbourne},
  year={2014},
}

@inproceedings{mundy2015efficient,
  title={An efficient {SpiNNaker} implementation of the {N}eural {E}ngineering {F}ramework},
  author={Mundy, Andrew and Knight, James and Stewart, Terrence C and Furber, Steve},
  booktitle={International Joint Conference on Neural Networks ({IJCNN})},
  year={2015},
  organization={IEEE}
}

@inproceedings{wang2014compact,
  title={A compact neural core for digital implementation of the {N}eural {E}ngineering {F}ramework},
  author={Wang, Runchun and Hamilton, Tara Julia and Tapson, Jonathan and van Schaik, Andr{\'e}},
  booktitle={Biomedical Circuits and Systems Conference ({BioCAS})},
  pages={548--551},
  year={2014},
  organization={IEEE}
}

@article{wang2015neuromorphic,
  title={A neuromorphic hardware architecture using the {N}eural {E}ngineering {F}ramework for pattern recognition},
  author={Wang, Runchun and Thakur, Chetan Singh and Hamilton, Tara Julia and Tapson, Jonathan and van Schaik, Andr{\'e}},
  journal={CoRR},
  volume={abs/1507.05695},
  year={2015}
}

@inproceedings{berzish2016,
  title={Real-Time {FPGA} Simulation of Surrogate Models of Large Spiking Networks},
  author={Murphy Berzish and Chris Eliasmith and Bryan Tripp},
  booktitle={International Conference on Artificial Neural Networks ({ICANN})},
  year={2016},
}

@article{cunningham2014dimensionality,
  title={Dimensionality reduction for large-scale neural recordings},
  author={Cunningham, John P and Byron, M Yu},
  journal={Nature neuroscience},
  volume={17},
  number={11},
  pages={1500--1509},
  year={2014},
  publisher={Nature Publishing Group}
}

@article{waernberg2017low,
  title={Low Dimensional Activity in Spiking Neuronal Networks},
  author={Waernberg, Emil and Kumar, Arvind},
  journal={bioRxiv},
  doi={10.1101/109900},
  year={2017},
  publisher={Cold Spring Harbor Labs Journals}
}

@article{singer1999neuronal,
  title={Neuronal synchrony: {A} versatile code for the definition of relations?},
  author={Singer, Wolf},
  journal={Neuron},
  volume={24},
  number={1},
  pages={49--65},
  year={1999},
  publisher={Elsevier}
}

@article{pulvermuller1997high,
  title={High-frequency brain activity: its possible role in attention, perception and language processing},
  author={Pulverm{\"u}ller, Friedemann and Birbaumer, Niels and Lutzenberger, Werner and Mohr, Bettina},
  journal={Progress in neurobiology},
  volume={52},
  number={5},
  pages={427--445},
  year={1997},
  publisher={Elsevier}
}

@article{sharma2016,
  title={Large-scale cognitive model design using the {N}engo neural simulator},
  journal={Biologically Inspired Cognitive Architectures},
  year={2016},
  publisher={Elsevier},
  volume = "",
  number = "",
  pages = "",
  note = "",
  issn = "2212-683X",
  doi = "http://dx.doi.org/10.1016/j.bica.2016.05.001",
  pdf = "http://compneuro.uwaterloo.ca/files/publications/sharma.2016.pdf",
  author = "Sugandha Sharma and Sean Aubin and Chris Eliasmith",
}

@article{bekolay2013nengo,
  title={Nengo: a {P}ython tool for building large-scale functional brain models},
  author={Bekolay, Trevor and Bergstra, James and Hunsberger, Eric and DeWolf, Travis and Stewart, Terrence C and Rasmussen, Daniel and Choo, Xuan and Voelker, Aaron Russell and Eliasmith, Chris},
  journal={Frontiers in neuroinformatics},
  volume={7},
  year={2013},
  publisher={Frontiers Media SA}
}

@inproceedings{bergstra2013making,
  title={Making a science of model search: Hyperparameter optimization in hundreds of dimensions for vision architectures},
  author={Bergstra, James and Yamins, Daniel and Cox, David Daniel},
  year={2013},
  booktitle={Proceedings of the 30th International Conference on Machine Learning},
  publisher={ICML},
}

@inproceedings{voelker2015computing,
  title={Computing with temporal representations using recurrently connected populations of spiking neurons},
  author={Voelker, Aaron Russell},
  booktitle={Connecting Network Architecture and Network Computation},
  publisher={Banff International Research Station for Mathematical Innovation and Discovery},
  year={2015},
  location={Banff, Alberta},
  doi={10.14288/1.0304643},
}

@article{voelker2016a,
  author = {Friedl, Ken Elmar and Voelker, Aaron R. and Peer, Angelika and Eliasmith, Chris},
  title = {Human-Inspired Neurorobotic System for Classifying Surface Textures by Touch},
  journal = {Robotics and Automation Letters},
  volume = {1},
  number = {1},
  pages = {516-523},
  publisher = {IEEE},
  year = {2016},  
  month = {01},
  issn = {2377-3766},
  doi = {10.1109/LRA.2016.2517213},
  keywords = {Biologically-inspired robots, Force and tactile sensing, Neurorobotics},
}

@techreport{voelker2017,
  title = {Efficiently sampling vectors and coordinates from the n-sphere and n-ball},
  year = {2017},
  institution = {Centre for Theoretical Neuroscience},
  address = {Waterloo, ON},
  issn = {CTN-TR-20170104-01},
  author = {Aaron R. Voelker and Jan Gosmann and Terrence C. Stewart},
  doi = {10.13140/RG.2.2.15829.01767/1}
}

@techreport{stockel2017,
  title = {Point neurons with conductance-based synapses in the {N}eural {E}ngineering {F}ramework},
  year = {2017},
  institution = {Centre for Theoretical Neuroscience},
  address = {Waterloo, ON},
  author = {Andreas St{\"o}ckel},
}

@techreport{jgosmann2015,
  title = {Precise multiplications with the {NEF}},
  year = {2015},
  institution = {Centre for Theoretical Neuroscience},
  address = {Waterloo, ON},
  author = {Jan Gosmann},
  url = {http://dx.doi.org/10.5281/zenodo.35680},
}

@inproceedings{voelker2017iscas,
  author = {Aaron R. Voelker and Ben V. Benjamin and Terrence C. Stewart and Kwabena Boahen and Chris Eliasmith},
  title = {Extending the {Neural Engineering Framework} for Nonideal Silicon Synapses},
  booktitle = {{IEEE} International Symposium on Circuits and Systems ({ISCAS})},
  organization = {IEEE},
  year = {2017},
  address = {Baltimore, MD}
}

@inproceedings{abrams2017,
  author = {Eric Kauderer-Abrams and Andy Gilbert and Aaron R. Voelker and Ben V. Benjamin and Terrence C. Stewart and Kwabena Boahen},
  title = {A population-level approach to temperature robustness in neuromorphic systems},
  booktitle = {{IEEE} International Symposium on Circuits and Systems ({ISCAS})},
  organization = {IEEE},
  year = {2017},
  address = {Baltimore, MD}
}

@article{boahen2017neuromorph,
  title={A Neuromorph's Prospectus},
  author={Boahen, Kwabena},
  journal={Computing in Science \& Engineering},
  volume={19},
  number={2},
  pages={14--28},
  year={2017},
  publisher={IEEE}
}

@inproceedings{voelker2016b,
  author = {Knight, James and Voelker, Aaron R. and Mundy, Andrew and Eliasmith, Chris and Furber, Steve},
  booktitle = {International Joint Conference on Neural Networks ({IJCNN})},
  title = {Efficient {SpiNNaker} simulation of a heteroassociative memory using the {Neural Engineering Framework}},
  organization = {IEEE},
  year = {2016},
  address = {Vancouver, BC}
}

@article{dewolf2016,
  author={DeWolf, Travis and Stewart, Terrence C and Slotine, Jean-Jacques and Eliasmith, Chris},
  title={A spiking neural model of adaptive arm control},
  journal={Proceedings of the Royal Society B},
  volume={283},
  year={2016},
  number={48},
  doi={10.1098/rspb.2016.2134},
}

@Misc{michael_waskom_2015_19108,
  Title                    = {seaborn: v0.6.0},

  Author                   = {Michael Waskom and Olga Botvinnik and Paul Hobson and Jordi Warmenhoven and John B. Cole and Yaroslav Halchenko and Jake Vanderplas and Stephan Hoyer and Santi Villalba and Eric Quintero and et al.},
  Year                     = {2015},
  Month                    = {June},

  Doi                      = {10.5281/zenodo.19108},
  Publisher                = {Zenodo},
  //Url                      = {http://dx.doi.org/10.5281/zenodo.19108}
}

@book{fang1994,
  title={Number-Theoretic Methods in Statistics},
  publisher={Chapman \& Hall},
  author={Fang, Kai Tai and Wang, Y.},
  year={1994}
}

@article{ijspeert2013dynamical,
  title={Dynamical movement primitives: learning attractor models for motor behaviors},
  author={Ijspeert, Auke Jan and Nakanishi, Jun and Hoffmann, Heiko and Pastor, Peter and Schaal, Stefan},
  journal={Neural computation},
  volume={25},
  number={2},
  pages={328--373},
  year={2013},
  publisher={MIT Press}
}

@article{laub1987computation,
  title={Computation of system balancing transformations and other applications of simultaneous diagonalization algorithms},
  author={Laub, Alan J and Heath, Michael T and Paige, C and Ward, R},
  journal={IEEE Transactions on Automatic Control},
  volume={32},
  number={2},
  pages={115--122},
  year={1987},
  publisher={IEEE}
}

@article{white2004short,
  title={Short-term memory in orthogonal neural networks},
  author={White, Olivia L and Lee, Daniel D and Sompolinsky, Haim},
  journal={Physical review letters},
  volume={92},
  number={14},
  pages={148102},
  year={2004},
  publisher={APS}
}

@article{ganguli2008memory,
  title={Memory traces in dynamical systems},
  author={Ganguli, Surya and Huh, Dongsung and Sompolinsky, Haim},
  journal={Proceedings of the National Academy of Sciences},
  volume={105},
  number={48},
  pages={18970--18975},
  year={2008},
  publisher={National Acad Sciences}
}

@article{de1992gamma,
  title={The gamma model -- A new neural model for temporal processing},
  author={De Vries, Bert and Principe, Jose C},
  journal={Neural networks},
  volume={5},
  number={4},
  pages={565--576},
  year={1992},
  publisher={Elsevier}
}

@article{huh2017gradient,
  title={Gradient Descent for Spiking Neural Networks},
  author={Huh, Dongsung and Sejnowski, Terrence J},
  journal={arXiv preprint arXiv:1706.04698},
  year={2017}
}

@article{nicola2016supervised,
  title={Supervised Learning in Spiking Neural Networks with {FORCE} Training},
  author={Nicola, Wilten and Clopath, Claudia},
  journal={arXiv preprint arXiv:1609.02545},
  year={2016}
}

@article{gilra2017predicting,
  title={Predicting non-linear dynamics: a stable local learning scheme for recurrent spiking neural networks},
  author={Gilra, Aditya and Gerstner, Wulfram},
  journal={arXiv preprint arXiv:1702.06463},
  year={2017}
}

@article{alemi2017learning,
  title={Learning arbitrary dynamics in efficient, balanced spiking networks using local plasticity rules},
  author={Alemi, Alireza and Machens, Christian and Den{\`e}ve, Sophie and Slotine, Jean-Jacques},
  journal={arXiv preprint arXiv:1705.08026},
  year={2017}
}

@article{appeltant2011information,
  title={Information processing using a single dynamical node as complex system},
  author={Appeltant, Lennert and Soriano, Miguel Cornelles and Van der Sande, Guy and Danckaert, Jan and Massar, Serge and Dambre, Joni and Schrauwen, Benjamin and Mirasso, Claudio R and Fischer, Ingo},
  journal={Nature communications},
  volume={2},
  pages={468},
  year={2011},
  publisher={Nature Publishing Group}
}

@article{eichenbaum2014,
  author = {Eichenbaum, Howard},
  doi = {10.1038/nrn3827},
  file = {::},
  issn = {1471-003X},
  journal = {Nature Reviews Neuroscience},
  number = {11},
  pages = {732--744},
  publisher = {Nature Research},
  title = {Time cells in the hippocampus: a new dimension for mapping memories},
  volume = {15},
  year = {2014}
}

@article{mello2015scalable,
  title={A scalable population code for time in the striatum},
  author={Mello, Gustavo BM and Soares, Sofia and Paton, Joseph J},
  journal={Current Biology},
  volume={25},
  number={9},
  pages={1113--1122},
  year={2015},
  publisher={Elsevier}
}

@article{shankar2012scale,
  title={A scale-invariant internal representation of time},
  author={Shankar, Karthik H and Howard, Marc W},
  journal={Neural Computation},
  volume={24},
  number={1},
  pages={134--193},
  year={2012},
  publisher={MIT Press}
}

@article{kim2013neural,
  title={Neural correlates of interval timing in rodent prefrontal cortex},
  author={Kim, Jieun and Ghim, Jeong-Wook and Lee, Ji Hyun and Jung, Min Whan},
  journal={Journal of Neuroscience},
  volume={33},
  number={34},
  pages={13834--13847},
  year={2013},
  publisher={Soc Neuroscience}
}

@article{tiganj2015simple,
  title={A simple biophysically plausible model for long time constants in single neurons},
  author={Tiganj, Zoran and Hasselmo, Michael E and Howard, Marc W},
  journal={Hippocampus},
  volume={25},
  number={1},
  pages={27--37},
  year={2015},
  publisher={Wiley Online Library}
}

@article{tiganj2016sequential,
  title={Sequential Firing Codes for Time in Rodent Medial
Prefrontal Cortex},
  author={Tiganj, Zoran and Jung, Min Whan and Kim, Jieun and Howard, Marc W},
  journal={Cerebral Cortex},
  year={2016},
  publisher={Oxford Univ Press}
}

@article{tiganj2017neural,
  title={Neural scale-invariant time-frequency decomposition for detection of spatiotemporal features},
  author={Tiganj, Zoran and Shankar, Karthik H and Howard, Marc W},
  year={2017},
  journal={Submitted},
}

@article{howard2014unified,
  title={A unified mathematical framework for coding time, space, and sequences in the hippocampal region},
  author={Howard, Marc W and MacDonald, Christopher J and Tiganj, Zoran and Shankar, Karthik H and Du, Qian and Hasselmo, Michael E and Eichenbaum, Howard},
  journal={Journal of Neuroscience},
  volume={34},
  number={13},
  pages={4692--4707},
  year={2014},
  publisher={Soc Neuroscience}
}

@article{luczak2015packet,
  title={Packet-based communication in the cortex},
  author={Luczak, Artur and McNaughton, Bruce L and Harris, Kenneth D},
  journal={Nature Reviews Neuroscience},
  year={2015},
  publisher={Nature Publishing Group}
}

@article{woodhouse2001ratio,
  title={The ratio of the arithmetic to the geometric mean: A cross-entropy interpretation},
  author={Woodhouse, Iain H},
  journal={IEEE transactions on geoscience and remote sensing},
  volume={39},
  number={1},
  pages={188--189},
  year={2001},
  publisher={IEEE}
}

@book{sidi2003practical,
  title={Practical extrapolation methods: {T}heory and applications},
  author={Sidi, Avram},
  volume={10},
  year={2003},
  publisher={Cambridge University Press}
}

@article{khaisongkram2007computing,
  title={On computing the worst-case norm of linear systems subject to inputs with magnitude bound and rate limit},
  author={Khaisongkram, Wathanyoo and Banjerdpongchai, David},
  journal={International Journal of Control},
  volume={80},
  number={2},
  pages={190--219},
  year={2007},
  publisher={Taylor \& Francis}
}

@incollection{glover1987bounds,
  title={Bounds on the achievable accuracy in model reduction},
  author={Glover, Keith and Partington, Jonathan R},
  booktitle={Modelling, robustness and sensitivity reduction in control systems},
  pages={95--118},
  year={1987},
  publisher={Springer}
}

@article{roxin2005role,
  title={Role of delays in shaping spatiotemporal dynamics of neuronal activity in large networks},
  author={Roxin, Alex and Brunel, Nicolas and Hansel, David},
  journal={Physical review letters},
  volume={94},
  number={23},
  pages={238103},
  year={2005},
  publisher={APS}
}

@article{voelker2017neuromorphic,
  title={Methods for applying the {N}eural {E}ngineering {F}ramework to neuromorphic hardware},
  author={Aaron R. Voelker and Chris Eliasmith},
  journal={arXiv submit/1989058},
  year={2017}
}

@misc{nengolib,
  title = {Nengolib -- {A}dditional extensions and tools for modelling dynamical systems in {N}engo},
  howpublished = {\url{https://github.com/arvoelke/nengolib/}},
  note = {Accessed: 2017-08-12},
  author = {Aaron R. Voelker},
  year = {2017},
}